@incollection{Gustafson2000,
	author	= "Gwen E. Gustafson and Rebecca M. Wood and James A. Green",
	title	= "Can we hear the cause of infants' crying?",
	year	= "2000",
	booktitle= "Crying as a Sign, a Symptom, \& a Signal",
	publisher= "Mac Keith Press",
	editor	= "Ronald G. Barr and Brian Hopkins and James A. Green",
	%volume	= "1",
	number	= "152",
	series	= "Clinics in Developmental Medicine",
	%type	= "",
	chapter= "2",
	pages	= "8 -- 22"
}

@incollection{Stevens2006,
	author	= "Bonnie J. Stevens and Rebecca R. Pillai Riddell and Timothy E. Oberlander and Sharyn Gibbins",
	title	= "Assessment of pain in neonates and infants",
	year	= "2007",
	booktitle= "Pain in neonates and infants",
	publisher= "Elsevier",
	editor	= "KJS Anand and BJ Stevens nad PJ McGrath",
	volume	= "3",
	number	= "152",
	series	= "Pain Resarch and Clinical Management",
	%type	= "",
	chapter= "6",
	pages	= "67 -- 90"
}

@incollection{Shuvo2006,
	author	= "Shuvo Gosh and Ronald G Barr",
	title	= "Infant colig - clinical implications and current controversies",
	year	= "2007",
	booktitle= "Pain in neonates and infants",
	publisher= "Elsevier",
	editor	= "KJS Anand and BJ Stevens nad PJ McGrath",
	volume	= "3",
	number	= "152",
	series	= "Pain Resarch and Clinical Management",
	chapter= "7",
	pages	= "91 -- 101"
}